% introduction section papers
@article{korsah2013comprehensive,
  title={A comprehensive taxonomy for multi-robot task allocation},
  author={Korsah, G Ayorkor and Stentz, Anthony and Dias, M Bernardine},
  journal={The International Journal of Robotics Research},
  volume={32},
  number={12},
  pages={1495--1512},
  year={2013},
  publisher={SAGE Publications Sage UK: London, England}
}

@inproceedings{stern2019multi,
  title={Multi-agent pathfinding: Definitions, variants, and benchmarks},
  author={Stern, Roni and Sturtevant, Nathan and Felner, Ariel and Koenig, Sven and Ma, Hang and Walker, Thayne and Li, Jiaoyang and Atzmon, Dor and Cohen, Liron and Kumar, TK and others},
  booktitle={Proceedings of the International Symposium on Combinatorial Search},
  volume={10},
  number={1},
  pages={151--158},
  year={2019}
}


@article{chen2021integrated,
  title={Integrated task assignment and path planning for capacitated multi-agent pickup and delivery},
  author={Chen, Zhe and Alonso-Mora, Javier and Bai, Xiaoshan and Harabor, Daniel D and Stuckey, Peter J},
  journal={IEEE Robotics and Automation Letters},
  volume={6},
  number={3},
  pages={5816--5823},
  year={2021},
  publisher={IEEE}
}


@inproceedings{li2021lifelong,
  title={Lifelong multi-agent path finding in large-scale warehouses},
  author={Li, Jiaoyang and Tinka, Andrew and Kiesel, Scott and Durham, Joseph W and Kumar, TK Satish and Koenig, Sven},
  booktitle={Proceedings of the AAAI Conference on Artificial Intelligence},
  volume={35},
  number={13},
  pages={11272--11281},
  year={2021}
}



% related work, automated management background
@article{drury1988towards,
  title={Towards more efficient order picking},
  author={Drury, Jolyon},
  journal={IMM monograph},
  volume={1},
  number={1},
  pages={1--69},
  year={1988},
  publisher={The Institute of Materials Management, Cranfield, UK}
}

@article{wurman2008coordinating,
  title={Coordinating hundreds of cooperative, autonomous vehicles in warehouses},
  author={Wurman, Peter R and D'Andrea, Raffaello and Mountz, Mick},
  journal={AI magazine},
  volume={29},
  number={1},
  pages={9--9},
  year={2008}
}

@article{de2007design,
  title={Design and control of warehouse order picking: A literature review},
  author={De Koster, Ren{\'e} and Le-Duc, Tho and Roodbergen, Kees Jan},
  journal={European journal of operational research},
  volume={182},
  number={2},
  pages={481--501},
  year={2007},
  publisher={Elsevier}
}

@article{papoudakis2020benchmarking,
  title={Benchmarking multi-agent deep reinforcement learning algorithms in cooperative tasks},
  author={Papoudakis, Georgios and Christianos, Filippos and Sch{\"a}fer, Lukas and Albrecht, Stefano V},
  journal={arXiv preprint arXiv:2006.07869},
  year={2020}
}

@book{sutton2018reinforcement,
  title={Reinforcement learning: An introduction},
  author={Sutton, Richard S and Barto, Andrew G},
  year={2018},
  publisher={MIT press}
}

@article{huang2020action,
  title={Action guidance: Getting the best of sparse rewards and shaped rewards for real-time strategy games},
  author={Huang, Shengyi and Onta{\~n}{\'o}n, Santiago},
  journal={arXiv preprint arXiv:2010.03956},
  year={2020}
}

@article{wen2021dtde,
  title={DTDE: A new cooperative multi-agent reinforcement learning framework},
  author={Wen, Guanghui and Fu, Junjie and Dai, Pengcheng and Zhou, Jialing},
  journal={The Innovation},
  volume={2},
  number={4},
  year={2021},
  publisher={Elsevier}
}


% main papers for the study
@article{krnjaic2022scalable,
  title={Scalable Multi-Agent Reinforcement Learning for Warehouse Logistics with Robotic and Human Co-Workers},
  author={Krnjaic, Aleksandar and Thomas, Jonathan D and Papoudakis, Georgios and Sch{\"a}fer, Lukas and B{\"o}rsting, Peter and Albrecht, Stefano V},
  journal={arXiv preprint arXiv:2212.11498},
  year={2022}
}


% Reward Models on Segmented Actions for Agents
@article{cabi2019scaling,
  title={Scaling data-driven robotics with reward sketching and batch reinforcement learning},
  author={Cabi, Serkan and Colmenarejo, Sergio G{\'o}mez and Novikov, Alexander and Konyushkova, Ksenia and Reed, Scott and Jeong, Rae and Zolna, Konrad and Aytar, Yusuf and Budden, David and Vecerik, Mel and others},
  journal={arXiv preprint arXiv:1909.12200},
  year={2019}
}

@article{lee2021mobile,
  title={Mobile robot path optimization technique based on reinforcement learning algorithm in warehouse environment},
  author={Lee, HyeokSoo and Jeong, Jongpil},
  journal={Applied sciences},
  volume={11},
  number={3},
  pages={1209},
  year={2021},
  publisher={MDPI}
}

@article{lee2022marl,
  title={MARL-Based Dual Reward Model on Segmented Actions for Multiple Mobile Robots in Automated Warehouse Environment},
  author={Lee, Hyeoksoo and Hong, Jiwoo and Jeong, Jongpil},
  journal={Applied Sciences},
  volume={12},
  number={9},
  pages={4703},
  year={2022},
  publisher={MDPI}
}

@article{gudimella2017deep,
  title={Deep reinforcement learning for dexterous manipulation with concept networks},
  author={Gudimella, Aditya and Story, Ross and Shaker, Matineh and Kong, Ruofan and Brown, Matthew and Shnayder, Victor and Campos, Marcos},
  journal={arXiv preprint arXiv:1709.06977},
  year={2017}
}

@article{sartoretti2019primal,
  title={Primal: Pathfinding via reinforcement and imitation multi-agent learning},
  author={Sartoretti, Guillaume and Kerr, Justin and Shi, Yunfei and Wagner, Glenn and Kumar, TK Satish and Koenig, Sven and Choset, Howie},
  journal={IEEE Robotics and Automation Letters},
  volume={4},
  number={3},
  pages={2378--2385},
  year={2019},
  publisher={IEEE}
}



% scalable marl system study
@article{azadeh2020dynamic,
  title={Dynamic human-robot collaborative picking strategies},
  author={Azadeh, Kaveh and Roy, Debjit and De Koster, MBM},
  journal={Available at SSRN 3585396},
  year={2020}
}

@article{vzulj2022order,
  title={Order batching and batch sequencing in an AMR-assisted picker-to-parts system},
  author={{\v{Z}}ulj, Ivan and Salewski, Hagen and Goeke, Dominik and Schneider, Michael},
  journal={European Journal of Operational Research},
  volume={298},
  number={1},
  pages={182--201},
  year={2022},
  publisher={Elsevier}
}

@inproceedings{xu2022multi,
  title={Multi-goal multi-agent pickup and delivery},
  author={Xu, Qinghong and Li, Jiaoyang and Koenig, Sven and Ma, Hang},
  booktitle={2022 IEEE/RSJ International Conference on Intelligent Robots and Systems (IROS)},
  pages={9964--9971},
  year={2022},
  organization={IEEE}
}

@inproceedings{ma2019lifelong,
  title={Lifelong path planning with kinematic constraints for multi-agent pickup and delivery},
  author={Ma, Hang and H{\"o}nig, Wolfgang and Kumar, TK Satish and Ayanian, Nora and Koenig, Sven},
  booktitle={Proceedings of the AAAI Conference on Artificial Intelligence},
  volume={33},
  number={01},
  pages={7651--7658},
  year={2019}
}


@article{christianos2020shared,
  title={Shared experience actor-critic for multi-agent reinforcement learning},
  author={Christianos, Filippos and Sch{\"a}fer, Lukas and Albrecht, Stefano},
  journal={Advances in neural information processing systems},
  volume={33},
  pages={10707--10717},
  year={2020}
}


@article{kim2020sortation,
  title={Sortation control using multi-agent deep reinforcement learning in n-grid sortation system},
  author={Kim, Ju-Bong and Choi, Ho-Bin and Hwang, Gyu-Young and Kim, Kwihoon and Hong, Yong-Geun and Han, Youn-Hee},
  journal={Sensors},
  volume={20},
  number={12},
  pages={3401},
  year={2020},
  publisher={MDPI}
}


@article{dayan1992feudal,
  title={Feudal reinforcement learning},
  author={Dayan, Peter and Hinton, Geoffrey E},
  journal={Advances in neural information processing systems},
  volume={5},
  year={1992}
}


@article{barto2003recent,
  title={Recent advances in hierarchical reinforcement learning},
  author={Barto, Andrew G and Mahadevan, Sridhar},
  journal={Discrete event dynamic systems},
  volume={13},
  number={1-2},
  pages={41--77},
  year={2003},
  publisher={Springer}
}


@article{brockman2016openai,
  title={Openai gym},
  author={Brockman, Greg and Cheung, Vicki and Pettersson, Ludwig and Schneider, Jonas and Schulman, John and Tang, Jie and Zaremba, Wojciech},
  journal={arXiv preprint arXiv:1606.01540},
  year={2016}
}


@inproceedings{hansen2004dynamic,
  title={Dynamic programming for partially observable stochastic games},
  author={Hansen, Eric A and Bernstein, Daniel S and Zilberstein, Shlomo},
  booktitle={AAAI},
  volume={4},
  pages={709--715},
  year={2004}
}


@inproceedings{zhao2020sim,
  title={Sim-to-real transfer in deep reinforcement learning for robotics: a survey},
  author={Zhao, Wenshuai and Queralta, Jorge Pe{\~n}a and Westerlund, Tomi},
  booktitle={2020 IEEE symposium series on computational intelligence (SSCI)},
  pages={737--744},
  year={2020},
  organization={IEEE}
}


@article{lu2018learning,
  title={Learning under concept drift: A review},
  author={Lu, Jie and Liu, Anjin and Dong, Fan and Gu, Feng and Gama, Joao and Zhang, Guangquan},
  journal={IEEE transactions on knowledge and data engineering},
  volume={31},
  number={12},
  pages={2346--2363},
  year={2018},
  publisher={IEEE}
}
