% - introduction
@article{assad2020algorithmic,
  title={Algorithmic pricing and competition: Empirical evidence from the German retail gasoline market},
  author={Assad, Stephanie and Clark, Robert and Ershov, Daniel and Xu, Lei},
  year={2020},
  publisher={CESifo Working Paper}
}

@article{kokkoris2020few,
  title={A Few Reflections on the Recent Caselaw on Algorithmic Collusion},
  author={Kokkoris, Ioannis},
  journal={Competition Policy International, Antitrust Chronicle, July},
  year={2020}
}

@article{calvano2020protecting,
  title={Protecting consumers from collusive prices due to AI},
  author={Calvano, Emilio and Calzolari, Giacomo and Denicol{\`o}, Vincenzo and Harrington Jr, Joseph E and Pastorello, Sergio},
  journal={Science},
  volume={370},
  number={6520},
  pages={1040--1042},
  year={2020},
  publisher={American Association for the Advancement of Science}
}

@article{calvano2020artificial,
  title={Artificial intelligence, algorithmic pricing, and collusion},
  author={Calvano, Emilio and Calzolari, Giacomo and Denicolo, Vincenzo and Pastorello, Sergio},
  journal={American Economic Review},
  volume={110},
  number={10},
  pages={3267--3297},
  year={2020},
  publisher={American Economic Association 2014 Broadway, Suite 305, Nashville, TN 37203}
}

@article{klein2021autonomous,
  title={Autonomous algorithmic collusion: Q-learning under sequential pricing},
  author={Klein, Timo},
  journal={The RAND Journal of Economics},
  volume={52},
  number={3},
  pages={538--558},
  year={2021},
  publisher={Wiley Online Library}
}

% - three rl studies
@article{eschenbaum2022robust,
  title={Robust algorithmic collusion},
  author={Eschenbaum, Nicolas and Mellgren, Filip and Zahn, Philipp},
  journal={arXiv preprint arXiv:2201.00345},
  year={2022}
}

@article{hettich2021algorithmic,
  title={Algorithmic collusion: Insights from deep learning},
  author={Hettich, Matthias},
  journal={Available at SSRN 3785966},
  year={2021}
}

@article{han2021understanding,
  title={Understanding algorithmic collusion with experience replay},
  author={Han, Bingyan},
  journal={arXiv preprint arXiv:2102.09139},
  year={2021}
}

% - related work studies

@article{lu2018learning,
  title={Learning under concept drift: A review},
  author={Lu, Jie and Liu, Anjin and Dong, Fan and Gu, Feng and Gama, Joao and Zhang, Guangquan},
  journal={IEEE transactions on knowledge and data engineering},
  volume={31},
  number={12},
  pages={2346--2363},
  year={2018},
  publisher={IEEE}
}

@article{papoudakis2019dealing,
  title={Dealing with non-stationarity in multi-agent deep reinforcement learning},
  author={Papoudakis, Georgios and Christianos, Filippos and Rahman, Arrasy and Albrecht, Stefano V},
  journal={arXiv preprint arXiv:1906.04737},
  year={2019}
}

@article{kirk2021survey,
  title={A survey of generalisation in deep reinforcement learning},
  author={Kirk, Robert and Zhang, Amy and Grefenstette, Edward and Rockt{\"a}schel, Tim},
  journal={arXiv preprint arXiv:2111.09794},
  year={2021}
}

@inproceedings{hester2018deep,
  title={Deep q-learning from demonstrations},
  author={Hester, Todd and Vecerik, Matej and Pietquin, Olivier and Lanctot, Marc and Schaul, Tom and Piot, Bilal and Horgan, Dan and Quan, John and Sendonaris, Andrew and Osband, Ian and others},
  booktitle={Proceedings of the AAAI Conference on Artificial Intelligence},
  volume={32},
  number={1},
  year={2018}
}

@book{sutton2018reinforcement,
  title={Reinforcement learning: An introduction},
  author={Sutton, Richard S and Barto, Andrew G},
  year={2018},
  publisher={MIT press}
}

@article{zhang2017deeper,
  title={A deeper look at experience replay},
  author={Zhang, Shangtong and Sutton, Richard S},
  journal={arXiv preprint arXiv:1712.01275},
  year={2017}
}

@inproceedings{sutskever2013importance,
  title={On the importance of initialization and momentum in deep learning},
  author={Sutskever, Ilya and Martens, James and Dahl, George and Hinton, Geoffrey},
  booktitle={International conference on machine learning},
  pages={1139--1147},
  year={2013},
  organization={PMLR}
}

@inproceedings{he2015delving,
  title={Delving deep into rectifiers: Surpassing human-level performance on imagenet classification},
  author={He, Kaiming and Zhang, Xiangyu and Ren, Shaoqing and Sun, Jian},
  booktitle={Proceedings of the IEEE international conference on computer vision},
  pages={1026--1034},
  year={2015}
}

@article{leibo2017multi,
  title={Multi-agent reinforcement learning in sequential social dilemmas},
  author={Leibo, Joel Z and Zambaldi, Vinicius and Lanctot, Marc and Marecki, Janusz and Graepel, Thore},
  journal={arXiv preprint arXiv:1702.03037},
  year={2017}
}

@inproceedings{foerster2017stabilising,
  title={Stabilising experience replay for deep multi-agent reinforcement learning},
  author={Foerster, Jakob and Nardelli, Nantas and Farquhar, Gregory and Afouras, Triantafyllos and Torr, Philip HS and Kohli, Pushmeet and Whiteson, Shimon},
  booktitle={International conference on machine learning},
  pages={1146--1155},
  year={2017},
  organization={PMLR}
}

@article{wang2018prefrontal,
  title={Prefrontal cortex as a meta-reinforcement learning system},
  author={Wang, Jane X and Kurth-Nelson, Zeb and Kumaran, Dharshan and Tirumala, Dhruva and Soyer, Hubert and Leibo, Joel Z and Hassabis, Demis and Botvinick, Matthew},
  journal={Nature neuroscience},
  volume={21},
  number={6},
  pages={860--868},
  year={2018},
  publisher={Nature Publishing Group}
}

@inproceedings{zhao2020sim,
  title={Sim-to-real transfer in deep reinforcement learning for robotics: a survey},
  author={Zhao, Wenshuai and Queralta, Jorge Pe{\~n}a and Westerlund, Tomi},
  booktitle={2020 IEEE symposium series on computational intelligence (SSCI)},
  pages={737--744},
  year={2020},
  organization={IEEE}
}

@article{julien2011note,
  title={A note on Stackelberg competition},
  author={Julien, Ludovic A},
  journal={Journal of Economics},
  volume={103},
  pages={171--187},
  year={2011},
  publisher={Springer}
}

@incollection{glauner2022assessment,
  title={An assessment of the ai regulation proposed by the european commission},
  author={Glauner, Patrick},
  booktitle={The Future Circle of Healthcare: AI, 3D Printing, Longevity, Ethics, and Uncertainty Mitigation},
  pages={119--127},
  year={2022},
  publisher={Springer}
}

@book{ma2022regulating,
  title={Regulating Data Monopolies},
  author={Ma, Jingyuan},
  year={2022},
  publisher={Springer}
}

@article{noothigattu2019teaching,
  title={Teaching AI agents ethical values using reinforcement learning and policy orchestration},
  author={Noothigattu, Ritesh and Bouneffouf, Djallel and Mattei, Nicholas and Chandra, Rachita and Madan, Piyush and Varshney, Kush R and Campbell, Murray and Singh, Moninder and Rossi, Francesca},
  journal={IBM Journal of Research and Development},
  volume={63},
  number={4/5},
  pages={2--1},
  year={2019},
  publisher={IBM}
}

