% introduction

@article{fu2020application,
  title={Application of consumer RGB-D cameras for fruit detection and localization in field: A critical review},
  author={Fu, Longsheng and Gao, Fangfang and Wu, Jingzhu and Li, Rui and Karkee, Manoj and Zhang, Qin},
  journal={Computers and Electronics in Agriculture},
  volume={177},
  pages={105687},
  year={2020},
  publisher={Elsevier}
}


@article{koirala2019deep,
  title={Deep learning--Method overview and review of use for fruit detection and yield estimation},
  author={Koirala, Anand and Walsh, Kerry B and Wang, Zhenglin and McCarthy, Cheryl},
  journal={Computers and electronics in agriculture},
  volume={162},
  pages={219--234},
  year={2019},
  publisher={Elsevier}
}


@article{bargoti2017image,
  title={Image segmentation for fruit detection and yield estimation in apple orchards},
  author={Bargoti, Suchet and Underwood, James P},
  journal={Journal of Field Robotics},
  volume={34},
  number={6},
  pages={1039--1060},
  year={2017},
  publisher={Wiley Online Library}
}


@article{stajnko2004estimation,
  title={Estimation of number and diameter of apple fruits in an orchard during the growing season by thermal imaging},
  author={Stajnko, Denis and Lakota, Miran and Ho{\v{c}}evar, Marko},
  journal={Computers and Electronics in Agriculture},
  volume={42},
  number={1},
  pages={31--42},
  year={2004},
  publisher={Elsevier}
}



% previous work

@article{syal2013survey,
  title={A survey of computer vision methods for counting fruits and yield prediction},
  author={Syal, Anisha and Garg, Divya and Sharma, Shanu},
  journal={International Journal of Computer Science Engineering},
  volume={2},
  number={6},
  pages={346--350},
  year={2013}
}

@inproceedings{seng2009new,
  title={A new method for fruits recognition system},
  author={Seng, Woo Chaw and Mirisaee, Seyed Hadi},
  booktitle={2009 International conference on electrical engineering and informatics},
  volume={1},
  pages={130--134},
  year={2009},
  organization={IEEE}
}


@article{patel2011fruit,
  title={Fruit detection using improved multiple features based algorithm},
  author={Patel, Hetal N and Jain, RK and Joshi, Manjunath V and others},
  journal={International journal of computer applications},
  volume={13},
  number={2},
  pages={1--5},
  year={2011},
  publisher={International Journal of Computer Applications, 244 5 th Avenue,\# 1526, New~…}
}


@article{jimenez2000survey,
  title={A survey of computer vision methods for locating fruit on trees},
  author={Jimenez, AR and Ceres, R and Pons, Jose L},
  journal={Transactions of the ASAE},
  volume={43},
  number={6},
  pages={1911--1920},
  year={2000},
  publisher={American Society of Agricultural and Biological Engineers}
}


@inproceedings{nguyen20133d,
  title={3D point cloud segmentation: A survey},
  author={Nguyen, Anh and Le, Bac},
  booktitle={2013 6th IEEE conference on robotics, automation and mechatronics (RAM)},
  pages={225--230},
  year={2013},
  organization={IEEE}
}


@inproceedings{meng2019vv,
  title={Vv-net: Voxel vae net with group convolutions for point cloud segmentation},
  author={Meng, Hsien-Yu and Gao, Lin and Lai, Yu-Kun and Manocha, Dinesh},
  booktitle={Proceedings of the IEEE/CVF international conference on computer vision},
  pages={8500--8508},
  year={2019}
}



@inproceedings{riegler2017octnet,
  title={Octnet: Learning deep 3d representations at high resolutions},
  author={Riegler, Gernot and Osman Ulusoy, Ali and Geiger, Andreas},
  booktitle={Proceedings of the IEEE conference on computer vision and pattern recognition},
  pages={3577--3586},
  year={2017}
}




% agricultural dataset description
@article{guevara2021comparison,
  title={Comparison of 3D scan matching techniques for autonomous robot navigation in urban and agricultural environments},
  author={Guevara, Javier and Gen{\'e}-Mola, Jordi and Gregorio, Eduard and Torres-Torriti, Miguel and Reina, Giulio and Cheein, Fernando A Auat},
  journal={Journal of Applied Remote Sensing},
  volume={15},
  number={2},
  pages={024508--024508},
  year={2021},
  publisher={Society of Photo-Optical Instrumentation Engineers}
}

@article{gene2020assessing,
  title={Assessing the performance of rgb-d sensors for 3d fruit crop canopy characterization under different operating and lighting conditions},
  author={Gen{\'e}-Mola, Jordi and Llorens, Jordi and Rosell-Polo, Joan R and Gregorio, Eduard and Arn{\'o}, Jaume and Solanelles, Francesc and Mart{\'\i}nez-Casasnovas, Jos{\'e} A and Escol{\`a}, Alexandre},
  journal={Sensors},
  volume={20},
  number={24},
  pages={7072},
  year={2020},
  publisher={MDPI}
}

@article{gene2020lfuji,
  title={LFuji-air dataset: Annotated 3D LiDAR point clouds of Fuji apple trees for fruit detection scanned under different forced air flow conditions},
  author={Gen{\'e}-Mola, Jordi and Gregorio, Eduard and Cheein, Fernando Auat and Guevara, Javier and Llorens, Jordi and Sanz-Cortiella, Ricardo and Escol{\`a}, Alexandre and Rosell-Polo, Joan R},
  journal={Data in brief},
  volume={29},
  pages={105248},
  year={2020},
  publisher={Elsevier}
}

@article{gene2020fruit,
  title={Fruit detection, yield prediction and canopy geometric characterization using LiDAR with forced air flow},
  author={Gen{\'e}-Mola, Jordi and Gregorio, Eduard and Cheein, Fernando Auat and Guevara, Javier and Llorens, Jordi and Sanz-Cortiella, Ricardo and Escol{\`a}, Alexandre and Rosell-Polo, Joan R},
  journal={Computers and Electronics in Agriculture},
  volume={168},
  pages={105121},
  year={2020},
  publisher={Elsevier}
}

@article{gene2019kfuji,
  title={KFuji RGB-DS database: Fuji apple multi-modal images for fruit detection with color, depth and range-corrected IR data},
  author={Gen{\'e}-Mola, Jordi and Vilaplana, Ver{\'o}nica and Rosell-Polo, Joan R and Morros, Josep-Ramon and Ruiz-Hidalgo, Javier and Gregorio, Eduard},
  journal={Data in brief},
  volume={25},
  pages={104289},
  year={2019},
  publisher={Elsevier}
}

@article{gene2019multi,
  title={Multi-modal deep learning for Fuji apple detection using RGB-D cameras and their radiometric capabilities},
  author={Gen{\'e}-Mola, Jordi and Vilaplana, Ver{\'o}nica and Rosell-Polo, Joan R and Morros, Josep-Ramon and Ruiz-Hidalgo, Javier and Gregorio, Eduard},
  journal={Computers and Electronics in Agriculture},
  volume={162},
  pages={689--698},
  year={2019},
  publisher={Elsevier}
}


@article{gene2020fuji,
  title={Fuji-SfM dataset: A collection of annotated images and point clouds for Fuji apple detection and location using structure-from-motion photogrammetry},
  author={Gen{\'e}-Mola, Jordi and Sanz-Cortiella, Ricardo and Rosell-Polo, Joan R and Morros, Josep-Ramon and Ruiz-Hidalgo, Javier and Vilaplana, Ver{\'o}nica and Gregorio, Eduard},
  journal={Data in brief},
  volume={30},
  pages={105591},
  year={2020},
  publisher={Elsevier}
}


@inproceedings{triggs2000bundle,
  title={Bundle adjustment—a modern synthesis},
  author={Triggs, Bill and McLauchlan, Philip F and Hartley, Richard I and Fitzgibbon, Andrew W},
  booktitle={Vision Algorithms: Theory and Practice: International Workshop on Vision Algorithms Corfu, Greece, September 21--22, 1999 Proceedings},
  pages={298--372},
  year={2000},
  organization={Springer}
}

@article{gene2021pfuji,
  title={PFuji-Size dataset: A collection of images and photogrammetry-derived 3D point clouds with ground truth annotations for Fuji apple detection and size estimation in field conditions},
  author={Gen{\'e}-Mola, Jordi and Sanz-Cortiella, Ricardo and Rosell-Polo, Joan R and Escol{\`a}, Alexandre and Gregorio, Eduard},
  journal={Data in Brief},
  volume={39},
  pages={107629},
  year={2021},
  publisher={Elsevier}
}



%% fuji dataset approach analysis description

@inproceedings{he2017mask,
  title={Mask r-cnn},
  author={He, Kaiming and Gkioxari, Georgia and Doll{\'a}r, Piotr and Girshick, Ross},
  booktitle={Proceedings of the IEEE international conference on computer vision},
  pages={2961--2969},
  year={2017}
}


@inproceedings{lin2017feature,
  title={Feature pyramid networks for object detection},
  author={Lin, Tsung-Yi and Doll{\'a}r, Piotr and Girshick, Ross and He, Kaiming and Hariharan, Bharath and Belongie, Serge},
  booktitle={Proceedings of the IEEE conference on computer vision and pattern recognition},
  pages={2117--2125},
  year={2017}
}


@inproceedings{he2016identity,
  title={Identity mappings in deep residual networks},
  author={He, Kaiming and Zhang, Xiangyu and Ren, Shaoqing and Sun, Jian},
  booktitle={Computer Vision--ECCV 2016: 14th European Conference, Amsterdam, The Netherlands, October 11--14, 2016, Proceedings, Part IV 14},
  pages={630--645},
  year={2016},
  organization={Springer}
}


@inproceedings{lin2014microsoft,
  title={Microsoft coco: Common objects in context},
  author={Lin, Tsung-Yi and Maire, Michael and Belongie, Serge and Hays, James and Perona, Pietro and Ramanan, Deva and Doll{\'a}r, Piotr and Zitnick, C Lawrence},
  booktitle={Computer Vision--ECCV 2014: 13th European Conference, Zurich, Switzerland, September 6-12, 2014, Proceedings, Part V 13},
  pages={740--755},
  year={2014},
  organization={Springer}
}

@article{gene2021field,
  title={In-field apple size estimation using photogrammetry-derived 3D point clouds: Comparison of 4 different methods considering fruit occlusions},
  author={Gen{\'e}-Mola, Jordi and Sanz-Cortiella, Ricardo and Rosell-Polo, Joan R and Escola, Alexandre and Gregorio, Eduard},
  journal={Computers and Electronics in Agriculture},
  volume={188},
  pages={106343},
  year={2021},
  publisher={Elsevier}
}


@article{derpanis2010overview,
  title={Overview of the RANSAC Algorithm},
  author={Derpanis, Konstantinos G},
  journal={Image Rochester NY},
  volume={4},
  number={1},
  pages={2--3},
  year={2010}
}


% point cloud benchmark datasets


@inproceedings{wu20153d,
  title={3d shapenets: A deep representation for volumetric shapes},
  author={Wu, Zhirong and Song, Shuran and Khosla, Aditya and Yu, Fisher and Zhang, Linguang and Tang, Xiaoou and Xiao, Jianxiong},
  booktitle={Proceedings of the IEEE conference on computer vision and pattern recognition},
  pages={1912--1920},
  year={2015}
}


@article{chang2015shapenet,
  title={Shapenet: An information-rich 3d model repository},
  author={Chang, Angel X and Funkhouser, Thomas and Guibas, Leonidas and Hanrahan, Pat and Huang, Qixing and Li, Zimo and Savarese, Silvio and Savva, Manolis and Song, Shuran and Su, Hao and others},
  journal={arXiv preprint arXiv:1512.03012},
  year={2015}
}


@article{hackel2017semantic3d,
  title={Semantic3d. net: A new large-scale point cloud classification benchmark},
  author={Hackel, Timo and Savinov, Nikolay and Ladicky, Lubor and Wegner, Jan D and Schindler, Konrad and Pollefeys, Marc},
  journal={arXiv preprint arXiv:1704.03847},
  year={2017}
}


@InProceedings{armeni_cvpr16,
	title ={3D Semantic Parsing of Large-Scale Indoor Spaces},
	author = {Iro Armeni and Ozan Sener and Amir R. Zamir and Helen Jiang and Ioannis Brilakis and Martin Fischer and Silvio Savarese},
	booktitle = {Proceedings of the IEEE International Conference on Computer Vision and Pattern Recognition},
	year = {2016}, }

@inproceedings{behley2019semantickitti,
  title={Semantickitti: A dataset for semantic scene understanding of lidar sequences},
  author={Behley, Jens and Garbade, Martin and Milioto, Andres and Quenzel, Jan and Behnke, Sven and Stachniss, Cyrill and Gall, Jurgen},
  booktitle={Proceedings of the IEEE/CVF international conference on computer vision},
  pages={9297--9307},
  year={2019}
}


%% point cloud approaches


@inproceedings{qi2017pointnet,
  title={Pointnet: Deep learning on point sets for 3d classification and segmentation},
  author={Qi, Charles R and Su, Hao and Mo, Kaichun and Guibas, Leonidas J},
  booktitle={Proceedings of the IEEE conference on computer vision and pattern recognition},
  pages={652--660},
  year={2017}
}


@article{qi2017pointnet++,
  title={Pointnet++: Deep hierarchical feature learning on point sets in a metric space},
  author={Qi, Charles Ruizhongtai and Yi, Li and Su, Hao and Guibas, Leonidas J},
  journal={Advances in neural information processing systems},
  volume={30},
  year={2017}
}

@article{qian2022pointnext,
  title={Pointnext: Revisiting pointnet++ with improved training and scaling strategies},
  author={Qian, Guocheng and Li, Yuchen and Peng, Houwen and Mai, Jinjie and Hammoud, Hasan and Elhoseiny, Mohamed and Ghanem, Bernard},
  journal={Advances in Neural Information Processing Systems},
  volume={35},
  pages={23192--23204},
  year={2022}
}


@inproceedings{lai2022stratified,
  title={Stratified transformer for 3d point cloud segmentation},
  author={Lai, Xin and Liu, Jianhui and Jiang, Li and Wang, Liwei and Zhao, Hengshuang and Liu, Shu and Qi, Xiaojuan and Jia, Jiaya},
  booktitle={Proceedings of the IEEE/CVF Conference on Computer Vision and Pattern Recognition},
  pages={8500--8509},
  year={2022}
}


@inproceedings{zhang2019rotation,
  title={Rotation invariant convolutions for 3d point clouds deep learning},
  author={Zhang, Zhiyuan and Hua, Binh-Son and Rosen, David W and Yeung, Sai-Kit},
  booktitle={2019 International conference on 3d vision (3DV)},
  pages={204--213},
  year={2019},
  organization={IEEE}
}

@article{zhang2022riconv++,
  title={Riconv++: Effective rotation invariant convolutions for 3d point clouds deep learning},
  author={Zhang, Zhiyuan and Hua, Binh-Son and Yeung, Sai-Kit},
  journal={International Journal of Computer Vision},
  volume={130},
  number={5},
  pages={1228--1243},
  year={2022},
  publisher={Springer}
}

@inproceedings{ran2022surface,
  title={Surface representation for point clouds},
  author={Ran, Haoxi and Liu, Jun and Wang, Chengjie},
  booktitle={Proceedings of the IEEE/CVF Conference on Computer Vision and Pattern Recognition},
  pages={18942--18952},
  year={2022}
}


@inproceedings{hu2020randla,
  title={Randla-net: Efficient semantic segmentation of large-scale point clouds},
  author={Hu, Qingyong and Yang, Bo and Xie, Linhai and Rosa, Stefano and Guo, Yulan and Wang, Zhihua and Trigoni, Niki and Markham, Andrew},
  booktitle={Proceedings of the IEEE/CVF conference on computer vision and pattern recognition},
  pages={11108--11117},
  year={2020}
}


%% discussion

@inproceedings{redmon2016you,
  title={You only look once: Unified, real-time object detection},
  author={Redmon, Joseph and Divvala, Santosh and Girshick, Ross and Farhadi, Ali},
  booktitle={Proceedings of the IEEE conference on computer vision and pattern recognition},
  pages={779--788},
  year={2016}
}
